
@article{MeeEA14,
  title = {Climate {{Model Intercomparisons}}: {{Preparing}} for the {{Next Phase}}},
  number = {9},
  journal = {Eos, Transactions American Geophysical Union},
  author = {Meehl, Gerald A. and Moss, Richard and Taylor, Karl E. and Eyring, Veronika and Stouffer, Ronald J. and Bony, Sandrine and Stevens, Bjorn},
  year = {2014},
  pages = {77--78},
}

@article{MizEA09,
  title = {High-Resolution Global Climate Modelling: The {{UPSCALE}} Project, a Large-Simulation Campaign},
  volume = {7},
  journal = {Geosci. Model Dev.},
  author = {Mizielinski, M. S. and Roberts, M. J. and Vidale, P. L. and Schiemann, R. and Demory, M.-E. and Strachan, J. and Edwards, T. and Stephens, A. and Lawrence, B. N. and Pritchard, M. and Chiu, P. and Iwi, A. and Churchill, J. and {del Cano Novales}, C. and Kettleborough, J. and Roseblade, W. and Selwood, P. and Foster, M. and Glover, M. and Malcolm, A.},
  year = {2014},
  pages = {1629--1640},
}

@article{BesEA16,
  title = {Development of a Probabilistic Ocean Modelling System Based on {{NEMO}} 3.5: Application at Eddying Resolution},
  journal = {Geoscientific Model Development Discussions},
  author = {Bessi{\`e}res, Laurent and Leroux, St{\'e}phanie and Brankart, Jean-Michel and Molines, Jean-Marc and Moine, Marie-Pierre and Bouttier, Pierre-Antoine and Penduff, Thierry and Terray, Laurent and Barnier, Bernard and S{\'e}razin, Guillaume},
  month = sep,
  year = {2016},
  pages = {1--24},
  annote = {XIOS makes use of parallel file systems capabilities via the Netcdf4-HDF5 format, that allows both online data compression 28 and parallel I/O. Therefore, XIOS is used in ``multiple file'' mode where each XIOS instance writes a file for one stripe of the 29 global domain, yielding 40 files times 50 members for each variable and each time. At the end of each job, the 40 stripes are 30 recombined on-the-fly into global files},
}

@misc{XIOS12,
  address = {Hamburg},
  title = {The {{XML I}}/{{O Server}}},
  urldate = {2017-05-13},
  author = {Meurdesoif, Yann and Ozdoba, H. and Caubel, A. and Marti, O.},
  year = {2012},
  file = {XIOS:/Users/BNL28/zotero-storage/storage/FG8QCUCE/wiki.html:text/html}
}

@article{HawSut09,
  title = {The {{Potential}} to {{Narrow Uncertainty}} in {{Regional Climate Predictions}}},
  volume = {90},
  number = {8},
  journal = {Bulletin of the American Meteorological Society},
  author = {Hawkins, Ed and Sutton, Rowan},
  month = aug,
  year = {2009},
  pages = {1095--1107},
  file = {Hawkins and Sutton - 2009 - The Potential to Narrow Uncertainty in Regional Cl.pdf:/Users/BNL28/zotero-storage/storage/BET5K5HH/Hawkins and Sutton - 2009 - The Potential to Narrow Uncertainty in Regional Cl.pdf:application/pdf}
}

@article{YeaEA18,
  title = {Predicting Near-Term Changes in the {{Earth System}}: {{A}} Large Ensemble of Initialized Decadal Prediction Simulations Using the {{Community Earth System Model}}},
  journal = {Bulletin of the American Meteorological Society},
  author = {Yeager, S. G. and Danabasoglu, G. and Rosenbloom, N. and Strand, W. and Bates, S. and Meehl, G. and Karspeck, A. and Lindsay, K. and Long, M. C. and Teng, H. and Lovenduski, N. S.},
  month = mar,
  year = {2018},
}

@article{Parker10,
  series = {Special Issue: Modelling and Simulation in the Atmospheric and Climate Sciences},
  title = {Predicting Weather and Climate: {{Uncertainty}}, Ensembles and Probability},
  volume = {41},
  number = {3},
  journal = {Studies in History and Philosophy of Science Part B: Studies in History and Philosophy of Modern Physics},
  author = {Parker, Wendy S.},
  month = sep,
  year = {2010},
  pages = {263--272},
}

@article{BuiEA05,
  title = {A {{Comparison}} of the {{ECMWF}}, {{MSC}}, and {{NCEP Global Ensemble Prediction Systems}}},
  volume = {133},
  number = {5},
  journal = {Monthly Weather Review},
  author = {Buizza, Roberto and Houtekamer, P. L. and Pellerin, Gerald and Toth, Zoltan and Zhu, Yuejian and Wei, Mozheng},
  month = may,
  year = {2005},
  pages = {1076--1097},
  annote = {Extracted Annotations (06/04/2018, 10:40:27)}
}

@article{LawEA18,
  title = {Crossing the {{Chasm}}: {{How}} to Develop Weather and Climate Models for next Generation Computers.},
  journal = {Geoscientific Model Development Discussions},
  author = {Lawrence, Bryan N. and Rezny, Mike and Budich, Reinhard and Bauer, Peter and Behrens, J{\"o}rg and Carter, Mick and Deconinck, Willem and Ford, Rupert and Maynard, Christopher and Mullerworth, Steve and Osuna, Carlos and Porter, Andy and Serradell, Kim and Valcke, Sophie and Wedi, Nils and Wilson, Simon},
  year = {2018},
}

@misc{Ukesm,
  URL = {https://ukesm.ac.uk/}
}

@misc{Rose}
  URL = {https://www.metoffice.gov.uk/research/modelling-systems/rose}
}

@misc{Cylc,
  URL = {https://cylc.github.io/cylc/}
}

@misc{Fcm,
  URL = {https://www.metoffice.gov.uk/research/collaboration/fcm}
}

@misc{Nemo,
  URL = {https://www.nemo-ocean.eu/wp-content/uploads/NEMO\_book.pdf}
}

@misc{Modelconfig,
  URL = {https://code.metoffice.gov.uk/trac/GA/wiki/GADocumentation/GA7.0}
}

@misc{Lfric,
  URL = {https://www.metoffice.gov.uk/research/modelling-systems/lfric}
}

@article{Oasis,
  title = {The OASIS3 coupler: a European climate modelling community software},
  journal = {Geosci. Model Dev},
  author = {S. Valcke},
  year = {2013},
  pages = {373-388},
  volume = {6}
}

@misc{Enes,
  URL = {https://is.enes.org/}
}

@misc{Esiwace,
   URL = {https://www.esiwace.eu/}
}
